<record><leader>00000cas a22000007a 4500</leader><controlfield tag="001">12483396</controlfield><controlfield tag="008">850903d18721906mouwr ne      0    0eng d</controlfield><datafield ind1=" " ind2=" " tag="010"><subfield code="a">sn 85034089 </subfield></datafield><datafield ind1=" " ind2=" " tag="040"><subfield code="a">NPU</subfield><subfield code="b">eng</subfield><subfield code="c">NPU</subfield><subfield code="d">NPX</subfield><subfield code="d">MQN</subfield><subfield code="d">OCLCQ</subfield></datafield><datafield ind1=" " ind2=" " tag="042"><subfield code="a">msc</subfield></datafield><datafield ind1="0" ind2=" " tag="130"><subfield code="a">Sedalia weekly Democrat (Sedalia, Mo. : 1872)</subfield></datafield><datafield ind1="1" ind2="0" tag="245"><subfield code="a">Sedalia weekly Democrat.</subfield></datafield><datafield ind1="1" ind2="3" tag="246"><subfield code="a">Weekly Democrat</subfield></datafield><datafield ind1=" " ind2=" " tag="260"><subfield code="a">Sedalia, Mo. :</subfield><subfield code="b">Democratic Press Co.</subfield></datafield><datafield ind1=" " ind2=" " tag="300"><subfield code="a">v.</subfield></datafield><datafield ind1=" " ind2=" " tag="310"><subfield code="a">Weekly</subfield></datafield><datafield ind1="0" ind2=" " tag="362"><subfield code="a">Vol. 5, no. 6 (Feb. 8, 1872)-</subfield></datafield><datafield ind1=" " ind2=" " tag="500"><subfield code="a">Editor: A.Y. Hull, &lt;1873&gt;.</subfield></datafield><datafield ind1=" " ind2="4" tag="651"><subfield code="a">Sedalia (Mo.)</subfield><subfield code="v">Newspapers.</subfield></datafield><datafield ind1=" " ind2=" " tag="752"><subfield code="a">United States</subfield><subfield code="b">Missouri</subfield><subfield code="c">Pettis</subfield><subfield code="d">Sedalia.</subfield></datafield><datafield ind1="0" ind2=" " tag="775"><subfield code="t">Sedalia daily Democrat</subfield><subfield code="w">(DLC)sn 87052259</subfield></datafield><datafield ind1="0" ind2=" " tag="775"><subfield code="t">Daily Democrat (Sedalia, Mo.)</subfield><subfield code="w">(DLC)sn 90061006</subfield></datafield><datafield ind1="0" ind2=" " tag="775"><subfield code="t">Sedalia evening Democrat</subfield><subfield code="w">(DLC)sn 90061007</subfield></datafield><datafield ind1="0" ind2="0" tag="780"><subfield code="t">Sedalia Democrat (Sedalia, Mo. : 1868)</subfield><subfield code="w">(DLC)sn 90061005</subfield></datafield><datafield ind1="0" ind2="7" tag="785"><subfield code="t">Sedalia sentinel (Sedalia, Mo. : Weekly)</subfield><subfield code="w">(DLC)sn 90016087</subfield></datafield><datafield ind1="0" ind2="7" tag="785"><subfield code="t">Weekly Democrat-sentinel</subfield><subfield code="w">(DLC)sn 93059996</subfield></datafield><datafield ind1="1" ind2=" " tag="029"><subfield code="a">AU@</subfield><subfield code="b">000024692934</subfield></datafield></record>